<?xml version="1.0" encoding="UTF-8"?><collection xmlns="http://www.loc.gov/MARC21/slim"><record><leader>00386nam--2200145-i-4500</leader><controlfield tag="001">000023067</controlfield><controlfield tag="002">20161230</controlfield><controlfield tag="005">20161230201034</controlfield><controlfield tag="008">060222s1000------------r-----000-0-eng-d</controlfield><datafield ind1=" " ind2=" " tag="080"><subfield code="a">519.2</subfield></datafield><datafield ind1=" " ind2=" " tag="100"><subfield code="a">Hannan, E.J</subfield></datafield><datafield ind1=" " ind2=" " tag="245"><subfield code="a">Multiple time series</subfield></datafield><datafield ind1=" " ind2=" " tag="260"><subfield code="a">New York, John Wiley And Sons, Inc., 1970. Xi + 536  P</subfield></datafield><datafield ind1=" " ind2=" " tag="490"><subfield code="a">A Wiley Publication In Applied Statistics</subfield></datafield><datafield ind1=" " ind2=" " tag="852"><subfield code="a">3521</subfield></datafield></record></collection>